<record><leader>00000cas a22000007a 4500</leader><controlfield tag="001">13511817</controlfield><controlfield tag="008">860430d18771878paudn ne      0    0eng d</controlfield><datafield ind1=" " ind2=" " tag="010"><subfield code="a">sn 87078392 </subfield></datafield><datafield ind1=" " ind2=" " tag="040"><subfield code="a">NPH</subfield><subfield code="b">eng</subfield><subfield code="c">NPH</subfield><subfield code="d">OCLCQ</subfield></datafield><datafield ind1=" " ind2=" " tag="042"><subfield code="a">msc</subfield></datafield><datafield ind1="0" ind2="0" tag="245"><subfield code="a">Dispatch and record.</subfield></datafield><datafield ind1="3" ind2="0" tag="246"><subfield code="a">Evening dispatch and record</subfield></datafield><datafield ind1=" " ind2=" " tag="260"><subfield code="a">York, Pa. :</subfield><subfield code="b">H. Young,</subfield><subfield code="c">1877-1878.</subfield></datafield><datafield ind1=" " ind2=" " tag="300"><subfield code="a">1 v.</subfield></datafield><datafield ind1=" " ind2=" " tag="310"><subfield code="a">Daily (except Sun.)</subfield></datafield><datafield ind1="0" ind2=" " tag="362"><subfield code="a">Vol. 4, no. 1 (Nov. 22, 1877)-v. 4, no. 162 (June 15, 1878).</subfield></datafield><datafield ind1=" " ind2=" " tag="752"><subfield code="a">United States</subfield><subfield code="b">Pennsylvania</subfield><subfield code="c">York</subfield><subfield code="d">York.</subfield></datafield><datafield ind1="0" ind2="0" tag="780"><subfield code="t">Evening dispatch (York, Pa. : 1876)</subfield><subfield code="w">(DLC)sn 87078393</subfield></datafield><datafield ind1="0" ind2="0" tag="785"><subfield code="t">Evening dispatch (York, Pa. : 1878)</subfield><subfield code="w">(DLC)sn 87078391</subfield></datafield></record>